@article{Egypt,
   author  = {Khaled M. Khalil, M. Abdel-Aziz, Taymour T. Nazmy, Abdel-Badeeh M. Salem},
   title   = {An Agent-Based Modeling for Pandemic Influenza in Egypt},
   journal = {Proceedings of 7th International Conference on Informatics and Systems (INFOS)},
   year    = 2010
}